<?xml version="1.0" encoding="UTF-8"?><collection xmlns="http://www.loc.gov/MARC21/slim"><record><leader>00382nam--2200133-i-4500</leader><controlfield tag="001">000026883</controlfield><controlfield tag="002">20161230</controlfield><controlfield tag="005">20161230201036</controlfield><controlfield tag="008">060222s1000------------r-----000-0-eng-d</controlfield><datafield ind1="1" ind2=" " tag="100"><subfield code="a">Knopp, Konrad</subfield></datafield><datafield ind1=" " ind2=" " tag="245"><subfield code="a">Elements of the theory of functions. translated by frederick bagemihl</subfield></datafield><datafield ind1=" " ind2=" " tag="260"><subfield code="a">New York, Dover Publ., 1952, 140p</subfield></datafield><datafield ind1=" " ind2=" " tag="852"><subfield code="a">12918</subfield><subfield code="c">517.5</subfield></datafield><datafield ind1=" " ind2=" " tag="CAT"><subfield code="a">Sys</subfield><subfield code="c">20080729</subfield><subfield code="h">131929</subfield></datafield></record></collection>